aggregate_ID,time,price,amount,buy_or_sell,first_trade_ID,last_trade_ID
53342942,2018-08-01 00:00:00.028,7735.67,0.261654,s,60302354,60302354
53342943,2018-08-01 00:00:00.103,7735.52,2.0,s,60302355,60302355
53342944,2018-08-01 00:00:00.167,7730.93,1e-06,b,60302356,60302356
53342945,2018-08-01 00:00:00.171,7730.93,1e-06,b,60302357,60302357
53342946,2018-08-01 00:00:00.590,7730.93,0.013071,b,60302358,60302358
53342947,2018-08-01 00:00:01.002,7730.93,0.143238,b,60302359,60302359
53342948,2018-08-01 00:00:01.125,7735.66,0.621981,s,60302360,60302360
53342949,2018-08-01 00:00:01.190,7735.66,0.02407,s,60302361,60302361
53342950,2018-08-01 00:00:01.479,7735.66,0.121852,s,60302362,60302362
53342951,2018-08-01 00:00:01.563,7735.66,0.012896,s,60302363,60302363
53342952,2018-08-01 00:00:02.208,7735.66,0.012927,s,60302364,60302364
53342953,2018-08-01 00:00:02.641,7735.66,0.15,s,60302365,60302365
53342954,2018-08-01 00:00:02.749,7735.66,0.02536,s,60302366,60302366
53342955,2018-08-01 00:00:02.862,7739.42,0.123672,s,60302367,60302367
53342956,2018-08-01 00:00:02.943,7739.42,0.376328,s,60302368,60302368
53342957,2018-08-01 00:00:02.943,7740.0,0.025156,s,60302369,60302370
53342958,2018-08-01 00:00:02.943,7740.73,0.03,s,60302371,60302371
53342959,2018-08-01 00:00:02.943,7740.74,0.567516,s,60302372,60302372
53342960,2018-08-01 00:00:02.946,7740.74,0.373843,s,60302373,60302373
53342961,2018-08-01 00:00:02.959,7740.74,0.376325,s,60302374,60302374
53342962,2018-08-01 00:00:03.336,7740.74,0.00167,s,60302375,60302375
53342963,2018-08-01 00:00:03.492,7740.74,0.127164,s,60302376,60302376
53342964,2018-08-01 00:00:03.647,7740.74,0.002,s,60302377,60302377
53342965,2018-08-01 00:00:04.312,7735.68,0.134753,b,60302378,60302378
53342966,2018-08-01 00:00:04.733,7740.73,0.134753,s,60302379,60302379
53342967,2018-08-01 00:00:04.733,7740.74,0.065247,s,60302380,60302380
53342968,2018-08-01 00:00:04.803,7740.71,0.002,s,60302381,60302381
53342969,2018-08-01 00:00:04.898,7740.71,0.01,s,60302382,60302382
53342970,2018-08-01 00:00:04.990,7740.71,0.001,s,60302383,60302383
53342971,2018-08-01 00:00:05.410,7740.71,0.001547,s,60302384,60302384
53342972,2018-08-01 00:00:05.668,7740.7,0.012496,s,60302385,60302385
53342973,2018-08-01 00:00:06.019,7740.7,0.987504,s,60302386,60302386
53342974,2018-08-01 00:00:06.019,7740.71,1.012496,s,60302387,60302387
53342975,2018-08-01 00:00:06.368,7740.71,0.061671,s,60302388,60302388
53342976,2018-08-01 00:00:06.558,7740.71,0.028362,s,60302389,60302389
53342977,2018-08-01 00:00:06.694,7740.71,0.301415,s,60302390,60302390
53342978,2018-08-01 00:00:07.612,7736.88,0.023048,b,60302391,60302391
53342979,2018-08-01 00:00:07.897,7740.7,0.023048,s,60302392,60302392
53342980,2018-08-01 00:00:07.897,7740.71,0.09446,s,60302393,60302393
53342981,2018-08-01 00:00:08.124,7740.7,0.001669,s,60302394,60302394
53342982,2018-08-01 00:00:08.127,7736.89,0.005,b,60302395,60302395
53342984,2018-08-01 00:00:08.167,7740.71,0.113786,s,60302397,60302397
53342983,2018-08-01 00:00:08.167,7740.7,0.028331,s,60302396,60302396
53342985,2018-08-01 00:00:08.178,7740.71,0.000182,s,60302398,60302398
53342986,2018-08-01 00:00:08.616,7740.71,0.002,s,60302399,60302399
53342987,2018-08-01 00:00:08.811,7740.71,0.103187,s,60302400,60302400
53342988,2018-08-01 00:00:08.880,7740.71,0.005293,s,60302401,60302401
53342989,2018-08-01 00:00:08.887,7740.71,0.063783,s,60302402,60302402
53342990,2018-08-01 00:00:09.088,7740.7,0.042,b,60302403,60302403
53342991,2018-08-01 00:00:09.098,7740.7,0.1596,b,60302404,60302404
53342992,2018-08-01 00:00:09.183,7740.7,0.001669,s,60302405,60302405
53342993,2018-08-01 00:00:09.325,7740.7,0.151464,s,60302406,60302406
53342994,2018-08-01 00:00:09.421,7740.7,0.001669,s,60302407,60302407
53342995,2018-08-01 00:00:09.456,7740.7,0.030111,s,60302408,60302408
53342996,2018-08-01 00:00:09.589,7740.7,0.004901,s,60302409,60302409
53342997,2018-08-01 00:00:10.096,7740.7,0.467271,s,60302410,60302411
53342999,2018-08-01 00:00:10.214,7740.71,0.004929,s,60302413,60302413
53342998,2018-08-01 00:00:10.214,7740.7,2e-06,s,60302412,60302412
53343000,2018-08-01 00:00:10.249,7740.69,0.005,b,60302414,60302414
53343001,2018-08-01 00:00:10.292,7740.71,0.001829,s,60302415,60302415
53343002,2018-08-01 00:00:10.353,7740.71,0.010791,s,60302416,60302416
53343003,2018-08-01 00:00:10.382,7740.71,0.00276,s,60302417,60302417
53343004,2018-08-01 00:00:10.408,7740.71,0.122747,s,60302418,60302418
53343005,2018-08-01 00:00:10.429,7740.71,0.053063,s,60302419,60302419
53343006,2018-08-01 00:00:10.661,7740.71,0.001668,s,60302420,60302420
53343007,2018-08-01 00:00:10.668,7740.71,0.001031,s,60302421,60302421
53343008,2018-08-01 00:00:10.668,7741.52,0.001656,s,60302422,60302422
53343009,2018-08-01 00:00:10.680,7740.69,0.01,b,60302423,60302423
53343010,2018-08-01 00:00:11.227,7740.69,0.007623,b,60302424,60302424
53343011,2018-08-01 00:00:11.266,7740.69,0.083007,b,60302425,60302425
53343012,2018-08-01 00:00:11.276,7741.52,0.058789,s,60302426,60302427
53343013,2018-08-01 00:00:11.776,7741.52,0.203004,s,60302428,60302428
53343014,2018-08-01 00:00:12.011,7740.7,0.21937,b,60302429,60302429
53343015,2018-08-01 00:00:12.011,7740.7,0.161567,b,60302430,60302430
53343016,2018-08-01 00:00:12.011,7740.69,0.013433,b,60302431,60302431
53343017,2018-08-01 00:00:12.016,7740.69,0.005,b,60302432,60302432
53343018,2018-08-01 00:00:12.143,7740.69,0.375937,b,60302433,60302433
53343019,2018-08-01 00:00:12.214,7741.52,0.046152,s,60302434,60302434
53343020,2018-08-01 00:00:12.241,7741.52,0.048407,s,60302435,60302435
53343021,2018-08-01 00:00:12.264,7741.52,0.235977,s,60302436,60302436
53343022,2018-08-01 00:00:12.273,7741.52,0.038769,s,60302437,60302437
53343023,2018-08-01 00:00:13.031,7740.69,0.002,s,60302438,60302438
53343024,2018-08-01 00:00:13.031,7741.51,0.008,s,60302439,60302439
53343025,2018-08-01 00:00:13.031,7741.52,0.092011,s,60302440,60302440
53343026,2018-08-01 00:00:13.076,7741.52,0.002583,s,60302441,60302441
53343027,2018-08-01 00:00:13.115,7741.52,0.002851,s,60302442,60302442
53343028,2018-08-01 00:00:13.158,7741.52,0.012754,s,60302443,60302443
53343029,2018-08-01 00:00:13.163,7741.52,1e-06,s,60302444,60302444
53343030,2018-08-01 00:00:13.224,7744.78,0.135042,s,60302445,60302445
53343031,2018-08-01 00:00:13.228,7744.78,0.006152,s,60302446,60302446
53343032,2018-08-01 00:00:13.320,7744.78,0.2,s,60302447,60302447
53343033,2018-08-01 00:00:13.322,7744.78,0.2,s,60302448,60302448
53343034,2018-08-01 00:00:13.322,7744.78,0.2,s,60302449,60302449
53343035,2018-08-01 00:00:13.427,7744.78,0.015152,s,60302450,60302450
53343036,2018-08-01 00:00:13.551,7744.4,0.01395,s,60302451,60302451
53343037,2018-08-01 00:00:13.589,7744.4,0.48605,s,60302452,60302452
53343038,2018-08-01 00:00:13.589,7744.78,0.214313,s,60302453,60302453
53343039,2018-08-01 00:00:13.843,7744.77,0.003137,s,60302454,60302454
53343040,2018-08-01 00:00:14.092,7741.53,0.451917,b,60302455,60302455
53343041,2018-08-01 00:00:14.092,7741.52,0.026598,b,60302456,60302457
53343042,2018-08-01 00:00:14.129,7744.77,0.026863,s,60302458,60302458
53343043,2018-08-01 00:00:14.145,7736.92,0.189165,b,60302459,60302459
53343044,2018-08-01 00:00:14.172,7744.76,0.001022,s,60302460,60302460
53343045,2018-08-01 00:00:14.181,7744.76,0.001373,s,60302461,60302461
53343046,2018-08-01 00:00:14.278,7736.92,0.082863,b,60302462,60302462
53343047,2018-08-01 00:00:14.541,7744.76,0.003437,s,60302463,60302463
53343048,2018-08-01 00:00:14.660,7744.76,0.005202,s,60302464,60302464
53343049,2018-08-01 00:00:15.001,7736.94,0.001042,b,60302465,60302465
53343050,2018-08-01 00:00:15.257,7744.76,0.005054,s,60302466,60302466
53343051,2018-08-01 00:00:15.286,7744.76,0.003384,s,60302467,60302467
53343052,2018-08-01 00:00:15.287,7744.76,0.002434,s,60302468,60302468
53343053,2018-08-01 00:00:15.432,7744.76,0.097747,s,60302469,60302469
53343054,2018-08-01 00:00:15.452,7744.76,0.022036,s,60302470,60302470
53343055,2018-08-01 00:00:15.474,7744.76,0.001025,s,60302471,60302471
53343056,2018-08-01 00:00:15.528,7744.76,0.031051,s,60302472,60302472
53343057,2018-08-01 00:00:15.629,7744.76,0.001697,s,60302473,60302473
53343058,2018-08-01 00:00:16.243,7744.76,0.008646,s,60302474,60302474
53343059,2018-08-01 00:00:16.277,7744.76,0.04429,s,60302475,60302475
53343060,2018-08-01 00:00:16.601,7744.76,0.118874,s,60302476,60302476
53343061,2018-08-01 00:00:16.729,7743.65,0.104645,s,60302477,60302477
53343062,2018-08-01 00:00:16.781,7743.65,0.000186,s,60302478,60302478
53343063,2018-08-01 00:00:16.788,7736.96,0.037445,b,60302479,60302479
53343064,2018-08-01 00:00:16.888,7743.65,0.044209,s,60302480,60302480
53343065,2018-08-01 00:00:17.281,7743.65,0.087557,s,60302481,60302481
53343066,2018-08-01 00:00:17.405,7743.65,0.006038,s,60302482,60302482
53343067,2018-08-01 00:00:17.471,7743.65,0.012943,s,60302483,60302483
53343068,2018-08-01 00:00:18.088,7736.99,0.092009,b,60302484,60302484
53343069,2018-08-01 00:00:18.278,7743.65,0.005174,s,60302485,60302485
53343070,2018-08-01 00:00:18.891,7737.01,0.014671,b,60302486,60302486
53343071,2018-08-01 00:00:19.816,7743.63,0.099914,s,60302487,60302487
53343072,2018-08-01 00:00:19.846,7743.63,0.045283,s,60302488,60302489
53343073,2018-08-01 00:00:20.271,7737.03,0.269242,b,60302490,60302490
53343074,2018-08-01 00:00:20.437,7737.03,0.087869,b,60302491,60302491
53343075,2018-08-01 00:00:20.439,7737.03,0.094873,b,60302492,60302492
53343076,2018-08-01 00:00:20.545,7737.03,0.012919,b,60302493,60302493
53343077,2018-08-01 00:00:20.604,7743.62,0.017777,s,60302494,60302494
53343078,2018-08-01 00:00:20.964,7737.03,0.115112,b,60302495,60302495
53343079,2018-08-01 00:00:21.173,7737.04,0.014505,b,60302496,60302496
53343080,2018-08-01 00:00:21.382,7737.04,0.010896,b,60302497,60302497
53343081,2018-08-01 00:00:21.580,7740.11,0.05,s,60302498,60302498
53343082,2018-08-01 00:00:21.580,7740.12,0.585469,s,60302499,60302499
53343083,2018-08-01 00:00:21.835,7740.12,0.25,s,60302500,60302500
53343084,2018-08-01 00:00:21.908,7737.05,0.07945,b,60302501,60302501
53343085,2018-08-01 00:00:21.908,7737.04,0.164392,b,60302502,60302502
53343086,2018-08-01 00:00:21.975,7740.12,1e-06,s,60302503,60302503
53343087,2018-08-01 00:00:22.090,7740.12,0.778412,s,60302504,60302504
53343088,2018-08-01 00:00:22.335,7740.12,0.197118,s,60302505,60302505
53343089,2018-08-01 00:00:22.335,7743.61,0.03,s,60302506,60302506
53343090,2018-08-01 00:00:22.335,7743.62,0.297869,s,60302507,60302508
53343091,2018-08-01 00:00:22.388,7743.66,0.5,s,60302509,60302509
53343092,2018-08-01 00:00:22.388,7744.78,0.108897,s,60302510,60302511
53343093,2018-08-01 00:00:22.388,7744.8,0.132626,s,60302512,60302512
53343094,2018-08-01 00:00:22.458,7743.61,0.580015,s,60302513,60302513
53343095,2018-08-01 00:00:22.729,7743.65,0.024985,b,60302514,60302514
53343096,2018-08-01 00:00:23.061,7743.65,0.748517,b,60302515,60302515
53343097,2018-08-01 00:00:23.061,7738.0,0.035835,b,60302516,60302516
53343098,2018-08-01 00:00:23.061,7737.05,0.257185,b,60302517,60302517
53343099,2018-08-01 00:00:23.084,7737.05,0.16181,b,60302518,60302518
53343100,2018-08-01 00:00:23.103,7737.05,0.013239,b,60302519,60302519
53343101,2018-08-01 00:00:23.161,7737.05,0.005222,b,60302520,60302520
53343102,2018-08-01 00:00:23.256,7737.05,0.014528,b,60302521,60302521
53343103,2018-08-01 00:00:23.256,7737.04,0.273562,b,60302522,60302522
53343104,2018-08-01 00:00:23.303,7737.03,0.012922,b,60302523,60302523
53343105,2018-08-01 00:00:23.324,7737.03,0.012922,b,60302524,60302524
53343106,2018-08-01 00:00:23.341,7737.03,0.012922,b,60302525,60302525
53343107,2018-08-01 00:00:23.361,7737.03,0.012922,b,60302526,60302526
53343108,2018-08-01 00:00:23.866,7737.03,0.038119,b,60302527,60302527
53343109,2018-08-01 00:00:23.919,7737.03,0.011935,b,60302528,60302528
53343110,2018-08-01 00:00:23.939,7737.03,0.271199,b,60302529,60302529
53343111,2018-08-01 00:00:23.941,7737.03,0.012918,b,60302530,60302530
53343112,2018-08-01 00:00:24.153,7737.03,0.075355,b,60302531,60302532
53343113,2018-08-01 00:00:24.602,7737.04,0.002,b,60302533,60302533
53343114,2018-08-01 00:00:25.478,7740.11,0.03,s,60302534,60302534
53343115,2018-08-01 00:00:25.478,7740.12,0.140507,s,60302535,60302535
53343116,2018-08-01 00:00:25.733,7740.12,0.02474,b,60302536,60302536
53343117,2018-08-01 00:00:25.827,7740.12,0.006161,b,60302537,60302537
53343118,2018-08-01 00:00:26.143,7742.77,0.124137,s,60302538,60302538
53343119,2018-08-01 00:00:26.189,7737.05,0.038761,b,60302539,60302539
53343120,2018-08-01 00:00:26.305,7737.05,0.10907,b,60302540,60302540
53343121,2018-08-01 00:00:26.352,7737.05,0.304203,b,60302541,60302541
53343122,2018-08-01 00:00:26.372,7737.04,0.175648,b,60302542,60302542
53343123,2018-08-01 00:00:26.390,7737.04,0.282864,b,60302543,60302543
53343124,2018-08-01 00:00:26.390,7737.02,0.002293,b,60302544,60302544
53343125,2018-08-01 00:00:26.390,7736.93,0.103688,b,60302545,60302545
53343126,2018-08-01 00:00:26.390,7736.92,0.29409,b,60302546,60302546
53343127,2018-08-01 00:00:26.812,7742.77,0.024241,s,60302547,60302547
53343128,2018-08-01 00:00:27.724,7735.69,0.163633,b,60302548,60302548
53343133,2018-08-01 00:00:28.403,7732.99,0.142562,b,60302553,60302553
53343132,2018-08-01 00:00:28.403,7735.65,0.055262,b,60302552,60302552
53343130,2018-08-01 00:00:28.403,7735.68,1.0,b,60302550,60302550
53343129,2018-08-01 00:00:28.403,7735.69,0.836832,b,60302549,60302549
53343131,2018-08-01 00:00:28.403,7735.67,0.611874,b,60302551,60302551
53343134,2018-08-01 00:00:28.698,7738.09,0.00481,s,60302554,60302554
53343135,2018-08-01 00:00:28.705,7738.09,0.004807,s,60302555,60302555
53343136,2018-08-01 00:00:28.865,7738.09,0.201375,s,60302556,60302556
53343137,2018-08-01 00:00:28.996,7738.09,0.039489,s,60302557,60302557
53343138,2018-08-01 00:00:29.405,7737.99,0.020135,s,60302558,60302558
53343139,2018-08-01 00:00:29.405,7738.0,0.159429,s,60302559,60302559
53343140,2018-08-01 00:00:29.465,7737.99,0.013055,s,60302560,60302560
53343141,2018-08-01 00:00:29.564,7733.04,0.00206,b,60302561,60302561
53343142,2018-08-01 00:00:30.082,7737.99,0.002382,s,60302562,60302562
53343143,2018-08-01 00:00:33.137,7737.97,0.000355,s,60302563,60302563
53343144,2018-08-01 00:00:33.613,7737.97,0.394046,s,60302564,60302564
53343145,2018-08-01 00:00:34.258,7733.13,0.042545,b,60302565,60302565
53343146,2018-08-01 00:00:35.088,7733.15,0.020122,b,60302566,60302566
53343147,2018-08-01 00:00:35.257,7736.32,0.125,s,60302567,60302567
53343148,2018-08-01 00:00:35.417,7736.32,0.021627,s,60302568,60302568
53343149,2018-08-01 00:00:35.850,7733.17,0.054803,b,60302569,60302569
53343150,2018-08-01 00:00:35.989,7736.32,0.005,s,60302570,60302570
53343151,2018-08-01 00:00:37.130,7736.3,0.005,s,60302571,60302571
53343152,2018-08-01 00:00:37.514,7736.29,0.002924,s,60302572,60302572
53343153,2018-08-01 00:00:37.730,7733.17,7.1e-05,b,60302573,60302573
53343166,2018-08-01 00:00:38.012,7745.32,0.003,s,60302587,60302587
53343165,2018-08-01 00:00:38.012,7744.82,0.19107,s,60302586,60302586
53343164,2018-08-01 00:00:38.012,7744.8,0.937609,s,60302585,60302585
53343163,2018-08-01 00:00:38.012,7742.92,2.15,s,60302584,60302584
53343162,2018-08-01 00:00:38.012,7742.78,0.5,s,60302583,60302583
53343161,2018-08-01 00:00:38.012,7740.36,0.5,s,60302582,60302582
53343160,2018-08-01 00:00:38.012,7738.1,0.144996,s,60302581,60302581
53343159,2018-08-01 00:00:38.012,7738.0,3.358141,s,60302580,60302580
53343158,2018-08-01 00:00:38.012,7736.33,2.0,s,60302579,60302579
53343157,2018-08-01 00:00:38.012,7736.31,2.081264,s,60302577,60302578
53343156,2018-08-01 00:00:38.012,7736.3,1.706,s,60302576,60302576
53343155,2018-08-01 00:00:38.012,7736.29,0.027076,s,60302575,60302575
53343154,2018-08-01 00:00:38.012,7736.28,0.370476,s,60302574,60302574
53343167,2018-08-01 00:00:38.099,7736.28,9.1e-05,b,60302588,60302588
53343168,2018-08-01 00:00:38.853,7736.32,0.021058,b,60302589,60302589
53343169,2018-08-01 00:00:40.350,7736.36,0.014512,b,60302590,60302590
53343170,2018-08-01 00:00:41.663,7736.36,0.437352,b,60302591,60302591
53343171,2018-08-01 00:00:41.663,7736.35,0.010568,b,60302592,60302592
53343172,2018-08-01 00:00:41.663,7736.31,0.460038,b,60302593,60302593
53343173,2018-08-01 00:00:41.663,7736.29,0.226307,b,60302594,60302594
53343174,2018-08-01 00:00:41.841,7736.3,0.452044,b,60302595,60302595
53343175,2018-08-01 00:00:41.841,7736.29,0.292417,b,60302596,60302596
53343176,2018-08-01 00:00:41.843,7736.27,0.102447,b,60302597,60302597
53343177,2018-08-01 00:00:42.167,7736.3,0.030021,s,60302598,60302598
53343178,2018-08-01 00:00:42.182,7736.3,0.045592,s,60302599,60302599
53343179,2018-08-01 00:00:42.185,7736.3,0.04547,s,60302600,60302600
53343180,2018-08-01 00:00:42.661,7734.1,0.006749,b,60302601,60302601
53343181,2018-08-01 00:00:42.743,7734.1,0.028805,b,60302602,60302602
53343182,2018-08-01 00:00:42.858,7734.1,0.030208,b,60302603,60302603
53343183,2018-08-01 00:00:43.704,7730.93,0.002,b,60302604,60302604
53343184,2018-08-01 00:00:44.229,7736.27,0.024,s,60302605,60302605
53343185,2018-08-01 00:00:45.176,7736.27,0.037019,s,60302606,60302606
53343186,2018-08-01 00:00:45.310,7736.27,0.056506,s,60302607,60302607
53343189,2018-08-01 00:00:46.102,7736.33,0.325202,s,60302611,60302611
53343188,2018-08-01 00:00:46.102,7736.29,0.151596,s,60302609,60302610
53343187,2018-08-01 00:00:46.102,7736.27,1.6e-05,s,60302608,60302608
53343190,2018-08-01 00:00:46.121,7736.33,1.105057,s,60302612,60302612
53343191,2018-08-01 00:00:46.138,7736.33,0.01982,s,60302613,60302613
53343195,2018-08-01 00:00:46.563,7731.05,0.314559,b,60302617,60302617
53343194,2018-08-01 00:00:46.563,7731.11,0.001635,b,60302616,60302616
53343192,2018-08-01 00:00:46.563,7732.84,0.5,b,60302614,60302614
53343193,2018-08-01 00:00:46.563,7731.12,0.452174,b,60302615,60302615
53343196,2018-08-01 00:00:47.137,7731.12,0.240381,b,60302618,60302618
53343197,2018-08-01 00:00:48.395,7731.12,0.019793,b,60302619,60302619
53343198,2018-08-01 00:00:48.492,7740.38,0.000168,s,60302620,60302620
53343199,2018-08-01 00:00:48.492,7731.12,0.046073,b,60302621,60302621
53343200,2018-08-01 00:00:49.198,7731.13,0.085795,b,60302622,60302622
53343201,2018-08-01 00:00:50.110,7736.26,0.015692,s,60302623,60302623
53343202,2018-08-01 00:00:50.179,7736.26,0.482333,s,60302624,60302624
53343203,2018-08-01 00:00:50.274,7736.26,0.052,s,60302625,60302625
53343204,2018-08-01 00:00:51.016,7736.26,0.016584,s,60302626,60302626
53343205,2018-08-01 00:00:51.547,7731.17,0.042218,b,60302627,60302627
53343206,2018-08-01 00:00:51.551,7731.17,0.011919,b,60302628,60302628
53343207,2018-08-01 00:00:51.558,7731.17,0.343395,b,60302629,60302629
53343209,2018-08-01 00:00:51.568,7731.03,1.342426,b,60302631,60302631
53343208,2018-08-01 00:00:51.568,7731.17,0.054882,b,60302630,60302630
53343210,2018-08-01 00:00:51.804,7731.18,0.449999,b,60302632,60302632
53343211,2018-08-01 00:00:51.846,7731.18,1.0,b,60302633,60302634
53343212,2018-08-01 00:00:51.846,7731.03,0.391448,b,60302635,60302635
53343213,2018-08-01 00:00:51.893,7736.24,0.258396,s,60302636,60302636
53343214,2018-08-01 00:00:52.183,7731.18,0.024005,b,60302637,60302637
53343215,2018-08-01 00:00:52.923,7731.18,0.975995,b,60302638,60302639
53343216,2018-08-01 00:00:53.305,7736.22,0.099883,s,60302640,60302640
53343217,2018-08-01 00:00:53.305,7736.23,0.195723,s,60302641,60302641
53343218,2018-08-01 00:00:54.089,7731.04,0.013798,b,60302642,60302642
53343219,2018-08-01 00:00:54.153,7731.04,0.019732,b,60302643,60302643
53343220,2018-08-01 00:00:55.340,7731.06,0.123139,b,60302644,60302644
53343221,2018-08-01 00:00:55.890,7731.06,0.329278,b,60302645,60302645
53343222,2018-08-01 00:00:55.890,7731.05,0.670722,b,60302646,60302646
53343223,2018-08-01 00:00:56.244,7733.62,1.401564,s,60302647,60302647
53343224,2018-08-01 00:00:56.261,7731.05,0.459573,b,60302648,60302648
53343225,2018-08-01 00:00:56.809,7731.05,0.156543,s,60302649,60302649
53343226,2018-08-01 00:00:56.893,7731.05,0.13,s,60302650,60302650
53343227,2018-08-01 00:00:57.096,7731.05,0.384179,s,60302651,60302651
53343228,2018-08-01 00:00:57.769,7729.24,0.087584,b,60302652,60302652
53343229,2018-08-01 00:00:58.135,7736.2,0.001488,s,60302653,60302653
53343230,2018-08-01 00:00:58.484,7736.19,0.027488,s,60302654,60302654
53343231,2018-08-01 00:00:58.748,7732.71,1.582843,s,60302655,60302655
53343232,2018-08-01 00:00:58.760,7729.24,0.586238,b,60302656,60302657
53343233,2018-08-01 00:00:59.325,7730.41,0.024403,s,60302658,60302658
53343234,2018-08-01 00:00:59.470,7730.41,0.001535,s,60302659,60302659
53343235,2018-08-01 00:00:59.548,7730.41,0.004108,s,60302660,60302660
53343236,2018-08-01 00:01:00.272,7731.04,0.001488,s,60302661,60302661
53343237,2018-08-01 00:01:00.533,7731.04,0.1,s,60302662,60302662
53343238,2018-08-01 00:01:00.756,7731.04,0.028021,s,60302663,60302663
53343239,2018-08-01 00:01:01.065,7731.04,0.021333,s,60302664,60302664
53343240,2018-08-01 00:01:01.333,7731.04,0.020525,s,60302665,60302665
53343241,2018-08-01 00:01:02.197,7731.04,0.007646,s,60302666,60302666
53343242,2018-08-01 00:01:02.352,7730.14,0.648492,s,60302667,60302667
53343243,2018-08-01 00:01:02.374,7729.25,0.364321,b,60302668,60302668
53343244,2018-08-01 00:01:02.677,7731.04,0.013117,s,60302669,60302669
53343245,2018-08-01 00:01:03.094,7731.04,0.091567,s,60302670,60302670
53343246,2018-08-01 00:01:03.136,7736.18,0.002167,s,60302671,60302671
53343247,2018-08-01 00:01:03.600,7736.18,0.017102,s,60302672,60302672
53343248,2018-08-01 00:01:03.701,7736.18,0.010716,s,60302673,60302673
53343249,2018-08-01 00:01:05.482,7736.18,1.5e-05,s,60302674,60302674
53343250,2018-08-01 00:01:05.482,7736.2,0.021985,s,60302675,60302675
53343251,2018-08-01 00:01:05.744,7729.64,0.006387,b,60302676,60302676
53343252,2018-08-01 00:01:05.963,7736.2,0.099898,s,60302677,60302677
53343253,2018-08-01 00:01:06.263,7729.64,0.017716,b,60302678,60302678
53343254,2018-08-01 00:01:07.681,7736.2,0.010724,s,60302679,60302679
53343255,2018-08-01 00:01:08.495,7736.19,0.001297,s,60302680,60302680
53343256,2018-08-01 00:01:08.764,7736.19,0.023725,s,60302681,60302681
53343257,2018-08-01 00:01:10.313,7729.66,0.023037,b,60302682,60302682
53343258,2018-08-01 00:01:11.296,7736.19,0.004978,s,60302683,60302683
53343259,2018-08-01 00:01:11.296,7736.2,0.216729,s,60302684,60302684
53343260,2018-08-01 00:01:11.873,7736.2,0.002601,s,60302685,60302685
53343261,2018-08-01 00:01:12.913,7733.0,0.013341,b,60302686,60302686
53343262,2018-08-01 00:01:13.437,7733.0,0.025948,b,60302687,60302687
53343263,2018-08-01 00:01:13.798,7733.0,0.391367,b,60302688,60302688
53343264,2018-08-01 00:01:13.957,7736.2,0.037957,s,60302689,60302689
53343265,2018-08-01 00:01:14.584,7736.2,0.000577,s,60302690,60302690
53343266,2018-08-01 00:01:15.391,7736.2,0.03554,s,60302691,60302691
53343267,2018-08-01 00:01:15.720,7736.2,0.068734,s,60302692,60302692
53343268,2018-08-01 00:01:15.782,7736.2,0.011953,s,60302693,60302693
53343269,2018-08-01 00:01:16.296,7736.2,0.074999,s,60302694,60302694
53343270,2018-08-01 00:01:17.040,7733.02,0.005,b,60302695,60302695
53343271,2018-08-01 00:01:17.233,7736.2,0.003606,s,60302696,60302696
53343272,2018-08-01 00:01:17.307,7736.2,0.074999,s,60302697,60302697
53343273,2018-08-01 00:01:17.803,7736.2,0.008605,s,60302698,60302698
53343274,2018-08-01 00:01:18.993,7733.03,0.046201,b,60302699,60302699
53343275,2018-08-01 00:01:19.204,7733.03,0.006756,b,60302700,60302700
53343276,2018-08-01 00:01:19.356,7733.03,0.005,b,60302701,60302701
53343277,2018-08-01 00:01:19.495,7736.2,0.15,s,60302702,60302702
53343278,2018-08-01 00:01:20.228,7736.2,0.084193,s,60302703,60302703
53343279,2018-08-01 00:01:20.607,7734.61,1.271208,s,60302704,60302704
53343280,2018-08-01 00:01:20.622,7733.03,0.778365,b,60302705,60302705
53343281,2018-08-01 00:01:21.098,7733.03,0.057957,s,60302706,60302706
53343282,2018-08-01 00:01:21.361,7735.0,0.011886,s,60302707,60302707
53343283,2018-08-01 00:01:21.736,7733.0,0.170067,b,60302708,60302708
53343284,2018-08-01 00:01:22.799,7735.0,1e-06,s,60302709,60302709
53343285,2018-08-01 00:01:22.799,7736.2,1e-06,s,60302710,60302710
53343286,2018-08-01 00:01:22.799,7736.25,0.005601,s,60302711,60302711
53343287,2018-08-01 00:01:22.799,7736.27,0.084802,s,60302712,60302712
53343288,2018-08-01 00:01:22.879,7738.47,0.243952,b,60302713,60302713
53343289,2018-08-01 00:01:22.907,7738.48,0.405959,s,60302714,60302714
53343290,2018-08-01 00:01:23.095,7738.47,1.744352,b,60302715,60302715
53343291,2018-08-01 00:01:24.099,7736.2,0.052369,b,60302716,60302716
53343292,2018-08-01 00:01:24.546,7735.0,0.055143,b,60302717,60302717
53343293,2018-08-01 00:01:24.558,7735.0,0.055143,b,60302718,60302718
53343294,2018-08-01 00:01:24.572,7735.0,0.055143,b,60302719,60302719
53343295,2018-08-01 00:01:24.591,7735.0,0.055143,b,60302720,60302720
53343296,2018-08-01 00:01:24.609,7735.0,0.055143,b,60302721,60302721
53343297,2018-08-01 00:01:24.627,7735.0,0.055143,b,60302722,60302722
53343298,2018-08-01 00:01:24.631,7735.0,0.055143,b,60302723,60302723
53343299,2018-08-01 00:01:24.649,7735.0,0.055143,b,60302724,60302724
53343300,2018-08-01 00:01:24.654,7735.0,0.055143,b,60302725,60302725
53343301,2018-08-01 00:01:24.667,7735.0,0.055143,b,60302726,60302726
53343302,2018-08-01 00:01:24.672,7735.0,0.055143,b,60302727,60302727
53343303,2018-08-01 00:01:24.688,7735.0,0.055143,b,60302728,60302728
53343304,2018-08-01 00:01:24.688,7735.0,0.055143,b,60302729,60302729
53343305,2018-08-01 00:01:24.691,7735.0,0.005812,b,60302730,60302730
53343306,2018-08-01 00:01:25.294,7735.0,0.223298,b,60302731,60302731
53343307,2018-08-01 00:01:25.437,7738.4,0.004082,s,60302732,60302732
53343308,2018-08-01 00:01:25.823,7736.7,1.655518,s,60302733,60302733
53343309,2018-08-01 00:01:25.837,7735.0,0.956011,b,60302734,60302735
53343310,2018-08-01 00:01:25.860,7735.0,0.025775,b,60302736,60302736
53343311,2018-08-01 00:01:25.985,7734.99,0.002,b,60302737,60302737
53343312,2018-08-01 00:01:26.436,7735.0,0.143123,s,60302738,60302738
53343313,2018-08-01 00:01:26.820,7734.99,0.053143,b,60302739,60302739
53343314,2018-08-01 00:01:27.885,7734.0,0.611368,s,60302740,60302740
53343315,2018-08-01 00:01:27.902,7735.0,0.802846,s,60302741,60302741
53343316,2018-08-01 00:01:28.252,7733.0,0.259184,b,60302742,60302742
53343317,2018-08-01 00:01:28.701,7733.0,0.010976,b,60302743,60302743
53343318,2018-08-01 00:01:31.510,7736.32,0.041211,s,60302744,60302744
53343319,2018-08-01 00:01:31.510,7738.4,0.301145,s,60302745,60302745
53343320,2018-08-01 00:01:31.523,7738.4,0.18069,s,60302746,60302746
53343321,2018-08-01 00:01:31.544,7738.4,0.173622,s,60302747,60302747
53343322,2018-08-01 00:01:31.581,7738.48,0.138685,s,60302748,60302749
53343323,2018-08-01 00:01:31.581,7738.65,0.326063,s,60302750,60302750
53343325,2018-08-01 00:01:31.601,7739.08,0.03,s,60302752,60302752
53343324,2018-08-01 00:01:31.601,7738.65,0.049937,s,60302751,60302751
53343326,2018-08-01 00:01:31.621,7739.43,0.03,s,60302753,60302753
53343327,2018-08-01 00:01:31.621,7739.5,0.03,s,60302754,60302754
53343328,2018-08-01 00:01:31.735,7733.05,0.008907,b,60302755,60302755
53343329,2018-08-01 00:01:32.439,7736.71,2.395293,s,60302756,60302756
53343330,2018-08-01 00:01:32.451,7733.05,0.94986,b,60302757,60302758
53343331,2018-08-01 00:01:32.472,7733.05,1.032059,b,60302759,60302759
53343332,2018-08-01 00:01:32.539,7733.05,0.008907,s,60302760,60302760
53343333,2018-08-01 00:01:32.539,7740.37,0.03,s,60302761,60302761
53343334,2018-08-01 00:01:32.539,7740.38,0.093021,s,60302762,60302762
53343335,2018-08-01 00:01:32.539,7740.39,0.24,s,60302763,60302763
53343336,2018-08-01 00:01:32.539,7740.43,0.077542,s,60302764,60302764
53343337,2018-08-01 00:01:34.368,7735.0,1.9e-05,b,60302765,60302765
53343338,2018-08-01 00:01:34.762,7735.01,0.131876,b,60302766,60302766
53343339,2018-08-01 00:01:35.255,7740.42,0.030009,s,60302767,60302767
53343340,2018-08-01 00:01:35.611,7740.42,0.166305,s,60302768,60302768
53343341,2018-08-01 00:01:36.058,7740.4,0.049999,s,60302769,60302769
53343342,2018-08-01 00:01:36.089,7740.4,1e-06,s,60302770,60302770
53343343,2018-08-01 00:01:36.089,7740.42,0.01326,s,60302771,60302771
53343344,2018-08-01 00:01:39.713,7735.01,0.01,b,60302772,60302772
53343345,2018-08-01 00:01:40.546,7737.49,0.082947,s,60302773,60302773
53343346,2018-08-01 00:01:40.561,7735.01,0.050107,b,60302774,60302774
53343347,2018-08-01 00:01:41.094,7735.01,0.01,s,60302775,60302775
53343348,2018-08-01 00:01:41.119,7739.98,0.000111,s,60302776,60302776
53343349,2018-08-01 00:01:41.368,7735.01,0.057848,b,60302777,60302777
53343350,2018-08-01 00:01:42.133,7739.94,0.030021,s,60302778,60302778
53343351,2018-08-01 00:01:42.547,7735.01,0.004476,b,60302779,60302779
53343352,2018-08-01 00:01:42.721,7739.94,0.0025,s,60302780,60302780
53343353,2018-08-01 00:01:42.883,7735.04,0.012613,b,60302781,60302781
53343354,2018-08-01 00:01:43.918,7739.94,0.050922,s,60302782,60302782
53343355,2018-08-01 00:01:43.928,7739.94,0.030021,s,60302783,60302783
53343356,2018-08-01 00:01:43.934,7735.04,0.002828,b,60302784,60302784
53343357,2018-08-01 00:01:44.084,7735.04,0.002,b,60302785,60302785
53343358,2018-08-01 00:01:44.318,7737.49,0.182846,s,60302786,60302786
53343359,2018-08-01 00:01:44.334,7735.04,0.26801,b,60302787,60302788
53343360,2018-08-01 00:01:44.352,7735.04,0.071321,b,60302789,60302789
53343361,2018-08-01 00:01:48.546,7735.02,0.005876,s,60302790,60302790
53343362,2018-08-01 00:01:48.546,7735.04,0.01744,s,60302791,60302791
53343363,2018-08-01 00:01:48.546,7739.94,0.101304,s,60302792,60302792
53343364,2018-08-01 00:01:51.885,7737.2,0.0015,s,60302793,60302793
53343365,2018-08-01 00:01:51.885,7739.0,0.013264,s,60302794,60302794
53343366,2018-08-01 00:01:51.885,7739.94,0.009929,s,60302795,60302795
53343367,2018-08-01 00:01:54.386,7735.02,0.037,b,60302796,60302796
53343368,2018-08-01 00:01:55.628,7739.94,0.03,s,60302797,60302797
53343369,2018-08-01 00:01:57.103,7739.94,0.049437,s,60302798,60302798
53343370,2018-08-01 00:01:57.103,7739.98,0.001549,s,60302799,60302799
53343371,2018-08-01 00:01:57.103,7740.0,0.0059,s,60302800,60302800
53343372,2018-08-01 00:01:57.124,7740.0,0.247319,s,60302801,60302802
53343373,2018-08-01 00:01:57.145,7740.0,0.133961,s,60302803,60302803
53343374,2018-08-01 00:01:57.166,7740.0,0.227165,s,60302804,60302804
53343375,2018-08-01 00:01:57.185,7740.0,0.128769,s,60302805,60302805
53343376,2018-08-01 00:01:57.205,7740.0,0.059959,s,60302806,60302806
53343377,2018-08-01 00:01:57.213,7735.04,0.164817,b,60302807,60302807
53343378,2018-08-01 00:01:57.222,7740.0,0.05918,s,60302808,60302808
53343379,2018-08-01 00:01:57.706,7740.0,0.042516,s,60302809,60302809
53343380,2018-08-01 00:01:57.724,7740.0,0.061508,s,60302810,60302810
53343381,2018-08-01 00:01:57.750,7740.0,0.064568,s,60302811,60302812
53343382,2018-08-01 00:01:57.856,7740.0,0.011352,s,60302813,60302813
53343383,2018-08-01 00:01:57.874,7740.0,0.055977,s,60302814,60302814
53343384,2018-08-01 00:01:57.914,7740.0,0.091579,s,60302815,60302815
53343385,2018-08-01 00:01:57.935,7740.0,0.09366,s,60302816,60302816
53343386,2018-08-01 00:01:58.103,7740.0,0.15,s,60302817,60302817
53343387,2018-08-01 00:01:58.103,7740.39,0.004,s,60302818,60302818
53343388,2018-08-01 00:01:58.103,7740.43,0.120388,s,60302819,60302819
53343389,2018-08-01 00:01:58.127,7740.43,0.326007,s,60302820,60302820
53343390,2018-08-01 00:01:58.145,7740.43,0.046097,s,60302821,60302821
53343391,2018-08-01 00:01:58.181,7740.43,0.062886,s,60302822,60302822
53343392,2018-08-01 00:01:58.201,7740.43,0.069795,s,60302823,60302823
53343393,2018-08-01 00:01:58.244,7740.43,0.012743,s,60302824,60302824
53343394,2018-08-01 00:01:58.720,7740.43,0.076014,s,60302825,60302825
53343395,2018-08-01 00:01:58.865,7740.43,2.0548,s,60302826,60302826
53343396,2018-08-01 00:01:59.108,7740.43,0.094081,s,60302827,60302827
53343397,2018-08-01 00:01:59.119,7740.43,0.059647,s,60302828,60302828
53343398,2018-08-01 00:01:59.408,7737.03,0.005984,b,60302829,60302829
53343399,2018-08-01 00:02:00.003,7737.05,0.308893,b,60302830,60302830
53343400,2018-08-01 00:02:00.152,7737.05,0.089016,b,60302831,60302831
53343401,2018-08-01 00:02:00.152,7737.04,0.025738,b,60302832,60302832
53343402,2018-08-01 00:02:00.567,7737.04,0.010814,b,60302833,60302833
53343403,2018-08-01 00:02:00.957,7737.04,0.147838,b,60302834,60302834
53343404,2018-08-01 00:02:01.665,7743.03,0.006036,s,60302835,60302835
53343405,2018-08-01 00:02:01.799,7737.04,0.013093,b,60302836,60302836
53343406,2018-08-01 00:02:01.940,7737.04,0.188539,b,60302837,60302837
53343408,2018-08-01 00:02:02.467,7737.04,0.113978,b,60302839,60302839
53343407,2018-08-01 00:02:02.467,7737.05,0.386022,b,60302838,60302838
53343409,2018-08-01 00:02:03.340,7743.03,0.019895,s,60302840,60302840
53343410,2018-08-01 00:02:04.260,7737.02,0.05,b,60302841,60302841
53343411,2018-08-01 00:02:04.446,7737.02,0.01,b,60302842,60302842
53343412,2018-08-01 00:02:04.835,7740.02,1.551141,s,60302843,60302843
53343413,2018-08-01 00:02:04.845,7737.02,0.555532,b,60302844,60302844
53343414,2018-08-01 00:02:04.992,7737.02,0.040266,s,60302845,60302845
53343415,2018-08-01 00:02:05.109,7737.02,0.01973,s,60302846,60302846
53343416,2018-08-01 00:02:05.109,7737.02,3e-06,s,60302847,60302847
53343417,2018-08-01 00:02:05.112,7743.02,0.005665,s,60302848,60302848
53343418,2018-08-01 00:02:05.437,7743.02,0.001695,b,60302849,60302849
53343419,2018-08-01 00:02:05.525,7743.02,0.023636,b,60302850,60302850
53343420,2018-08-01 00:02:05.939,7743.03,0.25,s,60302851,60302851
53343421,2018-08-01 00:02:06.386,7736.48,0.05,b,60302852,60302852
53343422,2018-08-01 00:02:07.080,7743.03,0.030977,s,60302853,60302853
53343423,2018-08-01 00:02:07.193,7736.48,0.005,b,60302854,60302854
53343424,2018-08-01 00:02:07.445,7736.49,0.450416,b,60302855,60302855
53343425,2018-08-01 00:02:10.488,7738.15,0.051699,b,60302856,60302856
53343426,2018-08-01 00:02:10.556,7738.15,0.003116,b,60302857,60302857
53343427,2018-08-01 00:02:10.649,7738.15,0.00158,b,60302858,60302858
53343428,2018-08-01 00:02:11.263,7740.0,0.079767,b,60302859,60302859
53343429,2018-08-01 00:02:11.296,7740.0,0.265699,b,60302860,60302860
53343430,2018-08-01 00:02:11.296,7738.15,0.427882,b,60302861,60302861
53343431,2018-08-01 00:02:11.656,7744.0,0.081481,s,60302862,60302862
53343432,2018-08-01 00:02:12.103,7743.74,0.010758,s,60302863,60302863
53343433,2018-08-01 00:02:12.142,7739.39,0.005,b,60302864,60302864
53343434,2018-08-01 00:02:13.130,7739.4,0.005,b,60302865,60302865
53343435,2018-08-01 00:02:13.644,7739.4,0.0052,b,60302866,60302866
53343436,2018-08-01 00:02:13.655,7741.57,0.741024,s,60302867,60302867
53343437,2018-08-01 00:02:13.668,7739.4,0.126012,b,60302868,60302869
53343438,2018-08-01 00:02:13.691,7739.4,0.396956,b,60302870,60302870
53343439,2018-08-01 00:02:14.137,7739.39,0.012026,b,60302871,60302871
53343440,2018-08-01 00:02:15.505,7739.39,0.00514,s,60302872,60302872
53343441,2018-08-01 00:02:15.511,7739.39,0.005141,s,60302873,60302873
